@misc{slic,
  author = {Achanta, Radhakrishna and Shaji, Appu and Smith, Kevin and Lucchi, Aurelien and Fua, Pascal and SÃ¼sstrunk, Sabine},
  title  = {SLIC Superpixels},
  year   = {2010}
}